% bmc_article.bib
% 
%  An example of bibtex entries.
%  Entries taken from BMC instructions for authors page.


@article{blank,
	author  = {}, 
	title   = {},
	journal = {}, 
	year  = {},
	  month = {}, 
	  volume= {}, 
	  number= {}, 
	  pages = {},
	  note  = {} 
}	

% Article within a journal
@ARTICLE{Hassan,
	author  = {Hassan, M and Brown, RD and Varma-O'brien, S and D Rogers}, 
	title   = {Cheminformatics analysis and learning in a data pipelining environment}, 
	journal = {Molecular diversity}, 
	year    = {2006},
	volume  = {10(3)}, 
	pages   = {283-299}
}	

% Article within a journal
@ARTICLE{Shon,
	author  = {Shon, J and Ohkawa, H and J Hammer}, 
	title   = {Scientific workflows as productivity tools for drug discovery}, 
	journal = {Current opinion in drug discovery and development}, 
	year    = {2008},
	volume  = {11(3)}, 
	pages   = {381-388}
}	

% Article within a journal
@ARTICLE{Oinn,
	author  = {Oinn, T and Addis, M and Ferris, J and Marvin, D and Senger, M and Greenwood, M and Carver, T and Glover, K and Pocock, MR and Wipat, A and P Li}, 
	title   = {Taverna: a tool for the composition and enactment of bioinformatics workflows}, 
	journal = {Bioinformatics}, 
	year    = {2004},
	volume  = {20(17)}, 
	pages   = {3045-3054}
}	

% Article within a journal
@ARTICLE{Steinbeck1,
	author  = {Steinbeck, C and Han, YQ and Kuhn, S and Horlacher, O and Luttmann, E and E Willighagen}, 
	title   = {The Chemistry Development Kit (CDK): An open-source Java library for chemo- and bioinformatics}, 
	journal = {Journal of Chemical Information and Computer Sciences}, 
	year    = {2003},
	volume  = {43(2)}, 
	pages   = {493-500}
}	

% Article within a journal
@ARTICLE{Steinbeck2,
	author  = {Steinbeck, C and Hoppe, C and Kuhn, S and Guha, R and EL Willighagen}, 
	title   = {Recent Developments of The Chemistry Development Kit (CDK) - An Open-Source Java Library for Chemo- and Bioinformatics}, 
	journal = {Current Pharmaceutical Design}, 
	year    = {2006},
	volume  = {12(17)}, 
	pages   = {2111-2120}
}	

% Article within a journal
@ARTICLE{Spjuth,
	author  = {Spjuth, O and Helmus, T and Willighagen, EL and Kuhn, S and Eklund, M and Steinbeck, C and JE Wikberg}, 
	title   = {Bioclipse: An open rich client workbench for chemo- and bioinformatics}, 
	journal = {BMC Bioinformatics}, 
	year    = {2007},
	volume  = {8}, 
	pages   = {59}
}	

% Article within a journal
@ARTICLE{Kuhn,
	author  = {Kuhn, T and Willighagen, EL and Zielesny, A and C Steinbeck}, 
	title   = {CDK-Taverna: an open workflow environment for cheminformatics}, 
	journal = {BMC Bioinformatics}, 
	year    = {2010},
	volume  = {11}, 
	pages   = {159}
}	

% Article within a journal
@ARTICLE{Hall,
	author  = {Hall, M and Frank, E and Holmes, G and Pfahringer, B and Reutemann, P and IH Witten}, 
	title   = {The WEKA Data Mining Software: An Update}, 
	journal = {SIGKDD Explorations}, 
	year    = {2009},
	volume  = {11(1)}, 
	pages   = {10-18}
}	

%-----

% Article within a journal
@ARTICLE{koon,
	author  = {Koonin, E V and Altschul, S F and P Bork}, 
	title   = {BRCA1 protein products: functional motifs}, 
	journal = {Nat Genet}, 
	year    = {1996},
	volume  = {13}, 
	pages   = {266-267}
}	

% Article within a journal supplement
@ARTICLE{oreg,
	author  = {Orengo, C A and Bray, J E and Hubbard, 
		   T and LoConte, L and Sillitoe, I}, 
	title   = {Analysis and assessment of ab initio 
		   three-dimensional prediction, secondary 
		   structure, and contacts prediction},
	journal = {Proteins}, 
	year    = {1999},
	volume  = {Suppl 3}, 
	pages   = {149-170}
}	

% In press article
@inpress{khar,
	author  = {Kharitonov, S A and Barnes, P J}, 
	title   = {Clinical aspects of exhaled nitric oxide},
	journal = {Eur Respir J}, 
	note    = {in press} 
}	

%
% Published abstract
%
@ARTICLE{zvai,
	author  = {Zvaifler, N J and Burger, J A and Marinova-Mutafchieva, 
		   L and Taylor, P and Maini, R N},
	title   = {Mesenchymal cells, stromal derived factor-1 and 
		   rheumatoid arthritis [abstract]},
	journal = {Arthritis Rheum}, 
	year    = {1999},
	volume  = {42}, 
	pages   = {s250},
}	


%
% Article within conference proceedings
%
@Inproceedings{xjon,
	author    = {X Jones}, 
	title     = {Zeolites and synthetic mechanisms},
	booktitle = {Proceedings of the First National Conference on 
		     Porous Sieves: 27-30 June 1996; Baltimore},
	year      = {1996},
	  editor  = {Y Smith}, 
	  pages   = {16-27},
	  organization  = {Stoneham: Butterworth-Heinemann}
}	

%%%%%%%%
%  Book chapter, or article within a book
%
@incollection{schn,
	author    = {E Schnepf}, 
	title     = {From prey via endosymbiont to plastids: 
		     comparative studies in dinoflagellates},
	booktitle = {Origins of Plastids}, 
	editor    = {R A Lewin}, 
	publisher = {Chapman and Hall},
	pages     = {53-76}, 
	year      = {1993},
	  address = {New York}, 
	  volume  = {2}, 
	  edition = {2nd} 
}	

%%%%%%%%
% Whole issue of journal
%
@wholejournal{pond,
	editor  = {B Ponder and S Johnston and L Chodosh}, 
	title   = {Innovative oncology},
	journal = {Breast Cancer Res}, 
	year  = {1998},
	  volume= {10}, 
	  pages = {1-72}
}	


%%%%%%%%
% Whole conference proceedings
%
@proceedings{smith,
	editor  = {Y Smith}, 
	title   = {Proceedings of the First National Conference
		   on Porous Sieves: 27-30 June 1996; Baltimore},
	year = 1996,
	  address= {Stoneham}, 
	  publisher = {Butterworth-Heinemann},
}	


%%%%%%%%
% Complete book
%
@book{marg,
	author    = {L Margulis}, 
	title     = {Origin of Eukaryotic Cells},
	publisher = {Yale University Press}, 
	year      = {1970},
	address   = {New Haven} 
}



%%%%%%%%
% Monograph or book in series 
%
@incollection{hunn,
	author    = {G W Hunninghake and J E Gadek}, 
	title     = {The alveloar macrophage},
	booktitle = {Cultured Human Cells and Tissues},
	publisher = {Academic Press}, 
	year      = {1995},
  pages      = {54-56},
	  editor   = {T J R Harris}, 
	  address  = {New York}, 
	  note     = {Stoner G (Series Editor): Methods and Perspectives in Cell Biology, vol 1} 
}


%%%%%%%%
% Book with institutional author
@manual{advi,
	  title   = {Annual Report}, 
	    organization  = {Advisory Committee on Genetic Modification}, 
	    address = {London},
	    year    = {1999}
}


%%%%%%%%
% PHD Thesis
%
@phdthesis{koha,
	author = {R Kohavi}, 
	title  = {Wrappers for performance enhancement and
		  obvious decision graphs},
	school = {Stanford University, Computer Science Department},
	year   = {1995}
}

%%%%%%%%
% Webpage Link / URL
%
@webpage{mouse,
	title  = {The Mouse Tumor Biology Database},
	url = {http://tumor.informatics.jax.org/cancer_links.html}
}
@webpage{TavernaWeb,
		 title  = {Taverna 2},
		 url = {http://www.taverna.org.uk/}}
@webpage{MavenWeb,
		 title  = {Apache Maven},
		 url = {http://maven.apache.org/}}
@webpage{WekaWeb,
		 title  = {Waikato Environment for Knowledge Analysis (WEKA)},
		 url = {http://www.cs.waikato.ac.nz/ml/weka/}}
@webpage{CDKWeb,
	title  = {The Chemistry Development Kit(CDK)},
	url = {http://sourceforge.net/projects/cdk/}}	 
